<record><leader>00000cas a22000007a 4500</leader><controlfield tag="001">34223663</controlfield><controlfield tag="008">960220c19969999ctuwr ne      0   a0eng d</controlfield><datafield ind1=" " ind2=" " tag="010"><subfield code="a">sn 95063192 </subfield></datafield><datafield ind1=" " ind2=" " tag="040"><subfield code="a">CNW</subfield><subfield code="b">eng</subfield><subfield code="c">CNW</subfield><subfield code="d">DLC</subfield><subfield code="d">NSD</subfield><subfield code="d">CNW</subfield><subfield code="d">OCLCQ</subfield><subfield code="d">OCLCF</subfield><subfield code="d">OCLCO</subfield></datafield><datafield ind1=" " ind2=" " tag="012"><subfield code="m">0</subfield></datafield><datafield ind1="1" ind2=" " tag="022"><subfield code="a">1093-040X</subfield><subfield code="l">1093-040X</subfield><subfield code="2">1</subfield></datafield><datafield ind1="1" ind2=" " tag="029"><subfield code="a">AU@</subfield><subfield code="b">000025886269</subfield></datafield><datafield ind1=" " ind2=" " tag="042"><subfield code="a">msc</subfield><subfield code="a">nsdp</subfield></datafield><datafield ind1="0" ind2=" " tag="130"><subfield code="a">Valley news (West Hartford, Conn.)</subfield></datafield><datafield ind1=" " ind2="0" tag="222"><subfield code="a">Valley news</subfield><subfield code="b">(West Hartford, Conn.)</subfield></datafield><datafield ind1="0" ind2="0" tag="245"><subfield code="a">Valley news.</subfield></datafield><datafield ind1=" " ind2=" " tag="260"><subfield code="a">West Hartford, CT :</subfield><subfield code="b">Imprint</subfield></datafield><datafield ind1=" " ind2=" " tag="300"><subfield code="a">v.</subfield></datafield><datafield ind1=" " ind2=" " tag="310"><subfield code="a">Weekly</subfield></datafield><datafield ind1="0" ind2=" " tag="362"><subfield code="a">Vol. 1, no. 1 (Jan. 18, 1996)-</subfield></datafield><datafield ind1=" " ind2=" " tag="500"><subfield code="a">Published in Bristol, Conn., June 20, 1996-</subfield></datafield><datafield ind1=" " ind2=" " tag="580"><subfield code="a">Formed by the union of: Avon news (West Hartford, Conn.), and: Farmington news (West Hartford, Conn.), and: Farmington Valley herald, and: Simsbury news.</subfield></datafield><datafield ind1=" " ind2="0" tag="651"><subfield code="a">Avon (Conn.)</subfield><subfield code="v">Newspapers.</subfield></datafield><datafield ind1=" " ind2="0" tag="651"><subfield code="a">Canton (Conn. : Town)</subfield><subfield code="v">Newspapers.</subfield></datafield><datafield ind1=" " ind2="0" tag="651"><subfield code="a">East Granby (Conn.)</subfield><subfield code="v">Newspapers.</subfield></datafield><datafield ind1=" " ind2="0" tag="651"><subfield code="a">Farmington (Conn.)</subfield><subfield code="v">Newspapers.</subfield></datafield><datafield ind1=" " ind2="0" tag="651"><subfield code="a">Granby (Conn.)</subfield><subfield code="v">Newspapers.</subfield></datafield><datafield ind1=" " ind2="0" tag="651"><subfield code="a">Simsbury (Conn.)</subfield><subfield code="v">Newspapers.</subfield></datafield><datafield ind1=" " ind2="7" tag="655"><subfield code="a">Newspapers.</subfield><subfield code="2">fast</subfield><subfield code="0">(OCoLC)fst01423814</subfield></datafield><datafield ind1=" " ind2="7" tag="651"><subfield code="a">Connecticut</subfield><subfield code="z">Avon.</subfield><subfield code="2">fast</subfield><subfield code="0">(OCoLC)fst01260726</subfield></datafield><datafield ind1=" " ind2="7" tag="651"><subfield code="a">Connecticut</subfield><subfield code="z">Canton (Town)</subfield><subfield code="2">fast</subfield><subfield code="0">(OCoLC)fst01332744</subfield></datafield><datafield ind1=" " ind2="7" tag="651"><subfield code="a">Connecticut</subfield><subfield code="z">East Granby.</subfield><subfield code="2">fast</subfield><subfield code="0">(OCoLC)fst01223192</subfield></datafield><datafield ind1=" " ind2="7" tag="651"><subfield code="a">Connecticut</subfield><subfield code="z">Farmington.</subfield><subfield code="2">fast</subfield><subfield code="0">(OCoLC)fst01212105</subfield></datafield><datafield ind1=" " ind2="7" tag="651"><subfield code="a">Connecticut</subfield><subfield code="z">Granby.</subfield><subfield code="2">fast</subfield><subfield code="0">(OCoLC)fst01301942</subfield></datafield><datafield ind1=" " ind2="7" tag="651"><subfield code="a">Connecticut</subfield><subfield code="z">Simsbury.</subfield><subfield code="2">fast</subfield><subfield code="0">(OCoLC)fst01223182</subfield></datafield><datafield ind1=" " ind2=" " tag="752"><subfield code="a">United States</subfield><subfield code="b">Connecticut</subfield><subfield code="c">Hartford</subfield><subfield code="d">West Hartford.</subfield></datafield><datafield ind1="1" ind2="4" tag="780"><subfield code="t">Avon news (West Hartford, Conn.)</subfield><subfield code="w">(DLC)sn 92051429</subfield><subfield code="w">(OCoLC)26689836</subfield></datafield><datafield ind1="1" ind2="4" tag="780"><subfield code="t">Farmington news (West Hartford, Conn.)</subfield><subfield code="w">(DLC)sn 92051281</subfield><subfield code="w">(OCoLC)26018446</subfield></datafield><datafield ind1="1" ind2="4" tag="780"><subfield code="t">Farmington Valley herald</subfield><subfield code="w">(DLC)sn 82014596</subfield><subfield code="w">(OCoLC)8786468</subfield></datafield><datafield ind1="1" ind2="4" tag="780"><subfield code="t">Simsbury news</subfield><subfield code="w">(DLC)sn 87002189</subfield><subfield code="w">(OCoLC)14633520</subfield></datafield></record>